@inproceedings{camilo1,
        author={Lozoya,C. and Mendoza,C. and Mejía,L. and Quintana,J. and Mendoza,G. and Bustillos,M. and Arras,O. and Solís,L.},
        editor={ },
        year={2014},
        title={Model predictive control for closed-loop irrigation},
        booktitle={IFAC Proceedings Volumes (IFAC-PapersOnline)},
        volume={19},
        pages={4429-4434},
        language={English},
        url={www.scopus.com},
}

@article{camilo2,
        author={Lozoya,C. and Mendoza,C. and Aguilar,A. and Román,A. and Castelló,R.},
        year={2016},
        title={Sensor-Based Model Driven Control Strategy for Precision Irrigation},
        journal={Journal of Sensors},
        volume={2016},
        language={English},
        url={www.scopus.com},
}

@article{camilo3,
        author={Lozoya,C. and Favela-Contreras,A. and Aguilar-Gonzalez,A. and Félix-Herrán,L. C. and Orona,L.},
        year={2021},
        title={Energy-efficient wireless communication strategy for precision agriculture irrigation control},
        journal={Sensors},
        volume={21},
        number={16},
        language={English},
        url={www.scopus.com},
}

@book{ogata,
author = {Ogata, Katsuhiko},
title = {Discrete-Time Control Systems},
year = {1987},
isbn = {0132161028},
publisher = {Prentice-Hall, Inc.},
address = {USA}
}

@book{osbook,
  author    = {Abraham Silberschatz and
               Peter Baer Galvin and
               Greg Gagne},
  title     = {Operating System Concepts, 10th Edition},
  publisher = {Wiley},
  year      = {2018},
  url       = {http://os-book.com/OS10/index.html},
  isbn      = {978-1-118-06333-0},
  timestamp = {Sun, 29 Dec 2019 10:48:30 +0100},
  biburl    = {https://dblp.org/rec/books/wi/SGG2018.bib},
  bibsource = {dblp computer science bibliography, https://dblp.org}
}